@misc{alastria,
title = "Alastria - la asociación",
url = "https://alastria.io/asociacion/",
urldate = "2021-03-25"
}
@misc{alastria-id,
title = "Alastria - Alastria ID",
url = "https://alastria.io/id-alastria/",
urldate = "2021-03-25"
}
@misc{quorum,
title = "Quorum - ¿que es?",
url = "https://docs.kaleido.io/kaleido-platform/protocol/ethereum/quorum/",
urldate = "2021-03-25"
}
@misc{besu,
title = "Besu - ¿que es?",
url = "https://besu.hyperledger.org/en/stable/",
urldate = "2021-03-25"
}
@misc{ssi,
title = "What is self-sovereign Identity?",
url = "https://sovrin.org/faq/what-is-self-sovereign-identity/",
urldate = "2021-03-25",
year = {2018}
}
@misc{multi-ssi,
title = "Multi-Source and Self-Sovereign Identity",
url = "https://www.windley.com/archives/2018/09/multi-source_and_self-sovereign_identity.shtml",
urldate = "2021-03-25",
year = {2018},
author = "Phil Windley"
}
@misc{path-to-ssi,
title = "The Path to Self-Sovereign Identity",
url = "http://www.lifewithalacrity.com/2016/04/the-path-to-self-soverereign-identity.html",
urldate = "2021-03-25",
year = {2016},
author = "Christopher Allen"
}
@article{fabric,
title = "Hyperledger fabric: a distributed operating system for permissioned blockchains",
year = {2018},
author = "Elli Androulaki"
}
@misc{fabric-simple,
title = "Introduction to Hyperledger Fabric",
url = "https://hyperledger-fabric.readthedocs.io/en/release-2.2/whatis.html",
urldate = "2021-04-29",
year = {2020},
}
@misc{blockchain-simple,
title = "A simple guide to blockchain technology",
url = "https://medium.com/swlh/a-simple-guide-to-blockchain-technology-4589971e6d03",
urldate = "2021-04-22",
year = {2019},
author = "Renee Yang"
}
@misc{POW,
title = "Proof of Work - ¿que es?",
url = "https://academy.bit2me.com/que-es-proof-of-work-pow/",
urldate = "2021-04-23",
year = {2020}
}
@misc{ethereum,
title = "Ethereum - ¿que es?",
url = "https://www.coindesk.com/learn/ethereum-101/what-is-ethereum",
urldate = "2021-04-23",
year = {2020},
author = "Alyssa Hertig"
}
@misc{did-credentials-presentations,
title = "Alastria DID Method Specification",
url = "https://github.com/alastria/alastria-identity/wiki/Alastria-DID-Method-Specification-(Quorum-version)",
urldate = "2021-04-27",
year = {2020},
}
@misc{alastria-artifacts,
title = "Alastria Artifacts and User Stories Definitions",
url = "https://github.com/alastria/alastria-identity/wiki/Artifacts-and-User-Stories-Definitions",
urldate = "2021-04-28",
year = {2020},
}
@misc{POS,
title = "Proof of Stake - ¿que es?",
url = "https://academy.bit2me.com/que-es-proof-of-stake-pos/",
urldate = "2021-05-08",
year = {2020},
}
@misc{POW-POS,
title = "Proof of Work vs Proof of Stake",
url = "https://www.leewayhertz.com/proof-of-work-vs-proof-of-stake/",
urldate = "2021-05-10",
year = {2020},
}
@misc{SC-ETH,
title = "Introduction to smart contracts",
url = "https://ethereum.org/en/developers/docs/smart-contracts/",
urldate = "2021-05-10",
year = {2021},
}
@misc{chaincodes,
title = "Smart Contracts and Chaincodes in Fabric",
url = "https://hyperledger-fabric.readthedocs.io/en/release-2.2/smartcontract/smartcontract.html",
urldate = "2021-05-10",
year = {2021},
}
@misc{fabric-benchmark,
title = "Hyperledger Fabric 1.4.0 Performance Information Report",
url = "https://hyperledger.github.io/caliper-benchmarks/fabric/resources/pdf/Fabric_1.4.0_javascript_node.pdf",
urldate = "2021-06-25",
author = "Nick Lincoln",
year = {2021},
}
@misc{quorum-benchmark,
title = "Menapay Blockchain Tests: Quorum TPS",
url = "https://medium.com/menapay/menapay-blockchain-tests-quorum-tps-8aac5f51820b",
urldate = "2021-05-10",
author = "Kemal Eroğlu",
year = {2021},
}
